
@ARTICLE{PatRecSWBio,
  author =       {Shamir, L and Delaney, JD and Orlov, N and Eckley, DM and Goldberg, IG},
  title =        {Pattern Recognition Software and Techniques for Biological Image Analysis},
  journal =      {PLoS Comput Biol},
  year =         {2010},
  volume =       {6},
  number =       {11},
  note =         {https://doi.org/10.1371/journal.pcbi.1000974},
}
